@online{kubernetesDocs,
	author = {Google LLC},
	title = {What is Kubernetes?},
	year = 2020,
	url = {https://kubernetes.io/docs/concepts/overview/what-is-kubernetes/},
	urldate = {2020-01-12}
}

@online{prometheusDocs,
	author = {Prometheus Authors},
	title = {Overview},
	year = 2020,
	url = {https://prometheus.io/docs/introduction/overview/},
	urldate = {2020-01-12}
}

@online{grafanaAbout,
	author = {Grafana Labs Ltd},
	title = {Features},
	year = 2020,
	url = {https://grafana.com/grafana/},
	urldate = {2020-01-12}
}

@online{lokiAbout,
	author = {Grafana Labs Ltd},
	title = {Grafana Loki},
	year = 2020,
	url = {https://grafana.com/oss/loki/},
	urldate = {2020-01-12}
}

@online{redisAbout,
	author = {Redis Labs Ltd},
	title = {Introduction to Redis},
	year = 2020,
	url = {https://redis.io/topics/introduction},
	urldate = {2020-01-12}
}

@online{postgresAbout,
	author = {The PostgreSQL Global Development Group},
	title = {PostgreSQL: About},
	year = 2020,
	url = {https://www.postgresql.org/about/},
	urldate = {2020-01-12}
}

@online{kafkaAbout,
	author = {Confluent Inc},
	title = {What is Apache Kafka?},
	year = 2020,
	url = {https://www.confluent.io/what-is-apache-kafka/},
	urldate = {2020-01-12}
}

@online{kafkaEfficiency,
	author = {Kreps, Jay},
	title = {Benchmarking Apache Kafka: 2 Million Writes Per Second (On Three Cheap Machines)},
	year = 2014,
	url = {https://engineering.linkedin.com/kafka/benchmarking-apache-kafka-2-million-writes-second-three-cheap-machines},
	urldate = {2020-01-12}
}

@online{fowlerEventSourcing,
	author = {Fowler, Martin},
	title = {Event Sourcing},
	year = 2005,
	url = {https://martinfowler.com/eaaDev/EventSourcing.html},
	urldate = {2020-01-12}
}

@online{googlePromoteMicroservices,
	author = {Google LLC},
	title = {Migrating a monolithic application to microservices on Google Kubernetes Engine},
	year = 2019,
	url = {https://cloud.google.com/solutions/migrating-a-monolithic-app-to-microservices-gke},
	urldate = {2020-01-12}
}

@online{xenonStateless,
	author = {XenonStack},
	title = {Stateful and Stateless Applications Best Practices and Advantages},
	year = 2018,
	url = {https://www.xenonstack.com/insights/stateful-and-stateless-applications/},
	urldate = {2020-01-12}
}